@book{Oechsner.2015,
 author = {Öchsner, Marco and Öchsner, Andreas},
% abstract = {Marco und Andreas {\"O}chsner geben eine ...},
 year = {2015},
 title = {{Das Textverarbeitungssystem LaTeX}},
 subtitle = {{Eine praktische Einführung in die Erstellung wissenschaftlicher Dokumente}},
 address = {Wiesbaden},
 publisher = {{Springer Vieweg}},
% isbn = {9783658095024},
 isbn = {978-3-658-09502-4},
% series = {{Essentials}}
}

@article{Muster.2020,
	author = {Muster, Max},
	title = {Mustertitel des Artikels},
	journaltitle = {Titel des Journals},
	date = {2020-01-01},
}
