@book{Ochsner.2015,
 author = {{\"O}chsner, Marco and {\"O}chsner, Andreas},
 abstract = {Marco und Andreas {\"O}chsner geben eine ...},
 year = {2015},
 title = {{Das Textverarbeitungssystem LaTeX: Eine praktische Einf{\"u}hrung in die Erstellung wissenschaftlicher Dokumente}},
 address = {Wiesbaden},
 publisher = {{Springer Vieweg}},
 isbn = {9783658095024},
 series = {{Essentials}}
}