%% LaTeX2e file `literatur.bib'
%% generated by the `filecontents' environment
%% from source `sol12-2' on 2022/01/19.
%%
@article{linuxcncrte,
author={Wings, Elmar and Müller, Marcel and Rochler, Marc},
year={2015},
journal={The International Journal of Advanced Manufacturing Technology},
volume={78},
number={9-12},
title={{Integration of real-time Ethernet in LinuxCNC}},
publisher={Springer London},
pages={1837-1846}
}
@book{computernetze,
author = {Patrick-Benjamin Bök and Andreas Noack and Marcel Müller and Daniel Behnke},
title = {Computernetze und Internet of Things},
year = {2020},
month = {09},
day = {11},
subtitle = {Technische Grundlagen und Spezialwissen},
publisher = {Springer Vieweg, Wiesbaden},
isbn = {978-3-658-29409-0}
}
