% Encoding: UTF-8

@Article{Farouki2017,
  author  = {Farouki, Rida and Srinathu, Jyothirmai},
  journal = {Computer-Aided Design},
  title   = {A real-time CNC interpolator algorithm for trimming and filling planar offset curves},
  year    = {2017},
  month   = jan,
  volume  = {86},
  doi     = {10.1016/j.cad.2017.01.001},
}

@Book{Farin2001,
  author    = {Gerald Farin},
  publisher = {Morgan Kaufmann},
  title     = {Curves and Surfaces for CAGD},
  year      = {2001},
  edition   = {fifth},
  isbn      = {9781558607378},
}

@InProceedings{Zafeiropoulos2020,
  author    = {Zafeiropoulos, Anastasios and Fotopoulou, Eleni and Peuster, Manuel and Schneider, Stefan and Gouvas, Panagiotis and Behnke, Daniel and Müller, Marcel and Bök, Patrick-Benjamin and Panagiotis, Trakadas and Panagiotis, Karkazis and Karl, Holger},
  booktitle = {IEEE Conference on Network Softwarization, NetSoft 2020},
  title     = {Benchmarking and Profiling 5G Verticals' Applications: An Industrial IoT Use Case},
  year      = {2020},
  doi       = {10.1109/NetSoft48620.2020.9165393},
}

@Misc{Patent3D,
  author       = {Russell, David and Hernandez, Andres and Kinsly, Joshua and Berlin, Andrew},
  howpublished = {United States Patent, Patent N0.: US 7,291,002 B2},
  title        = {Apparatus and Methods for 3D Printing},
  year         = {2007},
}

@misc{DIN66025,
	shorthand = {DIN66025-2},
	type = {Norm},
	year = {1988},
	month = {09},
	title = {DIN 66025-2:1988-09: Programmaufbau f{\"u}r numerisch gesteuerte Arbeitsmaschinen: Wegbedingungen und Zusatzfunktionen},
	address = {Berlin},
	publisher = {Beuth Verlag},
	author = {{DIN Deutsches Institut f{\"u}r Normung e.V.}}
}

@Comment{jabref-meta: databaseType:bibtex;}
