@Book{Oechsner2015,
  author = {Marco Öchsner and Andreas Öchsner},
  title  = {Das Textverarbeitungssystem LaTeX},
  doi    = {10.1007/978-3-658-09503-1},
  groups = {Latex},
  issn   = {2197-6708},
  year   = {2015},
}
